<record><leader>00000cas a2200000 a 4500</leader><controlfield tag="001">17109005</controlfield><controlfield tag="008">871128d18802002iluwr ne      0   a0eng c</controlfield><datafield ind1=" " ind2=" " tag="010"><subfield code="a">sn 87056868 </subfield></datafield><datafield ind1=" " ind2=" " tag="040"><subfield code="a">NPI</subfield><subfield code="b">eng</subfield><subfield code="c">NPI</subfield><subfield code="d">NVF</subfield><subfield code="d">OCLCQ</subfield><subfield code="d">NVF</subfield><subfield code="d">OCLCQ</subfield><subfield code="d">OCLCF</subfield><subfield code="d">NVF</subfield><subfield code="d">OCLCO</subfield><subfield code="d">OCL</subfield></datafield><datafield ind1=" " ind2=" " tag="042"><subfield code="a">pcc</subfield></datafield><datafield ind1=" " ind2=" " tag="043"><subfield code="a">n-us-il</subfield></datafield><datafield ind1="0" ind2="0" tag="245"><subfield code="a">Macoupin County enquirer.</subfield></datafield><datafield ind1=" " ind2=" " tag="260"><subfield code="a">Carlinville, Ill. :</subfield><subfield code="b">Snively &amp; Glessner,</subfield><subfield code="c">1880-2002.</subfield></datafield><datafield ind1=" " ind2=" " tag="310"><subfield code="a">Weekly</subfield></datafield><datafield ind1="0" ind2=" " tag="362"><subfield code="a">-v. 28, no. 52 (Dec. 27, 1899) ; v. 39, no. 1 (Jan. 3, 1900)-v. 77, no. 25 (June 24, 1937) ; v. 66, no. 26 (July 1, 1937)- ; -v. 80, no. 8 (Feb. 22, 1951) ; v. 100, no. 1 (Mar. 1, 1951)-151st year, no. 48 (Dec. 26, 2002).</subfield></datafield><datafield ind1="1" ind2=" " tag="362"><subfield code="a">Began in 1880.</subfield></datafield><datafield ind1=" " ind2=" " tag="580"><subfield code="a">Formed by the union of: Macoupin enquirer and: Macoupin County herald.</subfield></datafield><datafield ind1=" " ind2=" " tag="580"><subfield code="a">Merged with: Carlinville Democrat, to form: Enquirer-Democrat.</subfield></datafield><datafield ind1=" " ind2=" " tag="588"><subfield code="a">Description based on: Vol. 10, no. 19 (May 7, 1880).</subfield></datafield><datafield ind1=" " ind2="0" tag="651"><subfield code="a">Macoupin County (Ill.)</subfield><subfield code="v">Newspapers.</subfield></datafield><datafield ind1=" " ind2="7" tag="651"><subfield code="a">Illinois</subfield><subfield code="z">Macoupin County</subfield><subfield code="2">fast</subfield><subfield code="0">(OCoLC)fst01214998</subfield></datafield><datafield ind1=" " ind2="7" tag="655"><subfield code="a">Newspapers.</subfield><subfield code="2">fast</subfield><subfield code="0">(OCoLC)fst01423814</subfield></datafield><datafield ind1=" " ind2=" " tag="752"><subfield code="a">United States</subfield><subfield code="b">Illinois</subfield><subfield code="c">Macoupin</subfield><subfield code="d">Carlinville.</subfield></datafield><datafield ind1="0" ind2=" " tag="775"><subfield code="t">Daily enquirer (Carlinville, Ill.)</subfield><subfield code="w">(DLC)sn 90054339</subfield><subfield code="w">(OCoLC)23071945</subfield></datafield><datafield ind1="1" ind2="4" tag="780"><subfield code="t">Macoupin enquirer</subfield><subfield code="w">(DLC)sn 85033433</subfield><subfield code="w">(OCoLC)11962188</subfield></datafield><datafield ind1="1" ind2="4" tag="780"><subfield code="t">Macoupin County herald</subfield><subfield code="w">(DLC)sn 90054765</subfield><subfield code="w">(OCoLC)23026459</subfield></datafield><datafield ind1="1" ind2="7" tag="785"><subfield code="t">Carlinville Democrat</subfield><subfield code="w">(DLC)sn 85033432</subfield><subfield code="w">(OCoLC)11962170</subfield></datafield><datafield ind1="1" ind2="7" tag="785"><subfield code="t">Enquirer-Democrat</subfield><subfield code="w">(DLC)sn2004061824</subfield><subfield code="w">(OCoLC)56979540</subfield></datafield><datafield ind1="1" ind2=" " tag="029"><subfield code="a">AU@</subfield><subfield code="b">000025829291</subfield></datafield></record>